% ein Lehrbuch:
@book{deeplearning,
    author = {Goodfellow, Bengio, Courville},
    title = {Deep Learning},
    year = {2016},
    publisher = {The MIT Press}
}

@book{basic_physics,
    author = {Demtröder},
    title = {Kern-, Teilchen- und Astrophysik},
    year = {2017},
    publisher = {Springer}
}

% eine Internet Quelle
@misc{tensorflow,
title={ {TensorFlow}: Large-Scale Machine Learning on Heterogeneous Systems},
url={https://www.tensorflow.org/},
note={Software available from tensorflow.org},
author={
    Mart\'{\i}n~Abadi and
    Ashish~Agarwal and
    Paul~Barham and
    Eugene~Brevdo and
    Zhifeng~Chen and
    Craig~Citro and
    Greg~S.~Corrado and
    Andy~Davis and
    Jeffrey~Dean and
    Matthieu~Devin and
    Sanjay~Ghemawat and
    Ian~Goodfellow and
    Andrew~Harp and
    Geoffrey~Irving and
    Michael~Isard and
    Yangqing Jia and
    Rafal~Jozefowicz and
    Lukasz~Kaiser and
    Manjunath~Kudlur and
    Josh~Levenberg and
    Dan~Man\'{e} and
    Rajat~Monga and
    Sherry~Moore and
    Derek~Murray and
    Chris~Olah and
    Mike~Schuster and
    Jonathon~Shlens and
    Benoit~Steiner and
    Ilya~Sutskever and
    Kunal~Talwar and
    Paul~Tucker and
    Vincent~Vanhoucke and
    Vijay~Vasudevan and
    Fernanda~Vi\'{e}gas and
    Oriol~Vinyals and
    Pete~Warden and
    Martin~Wattenberg and
    Martin~Wicke and
    Yuan~Yu and
    Xiaoqiang~Zheng},
  year={2015},
}

@INPROCEEDINGS{FACT,
  author = {Mueller, Sebastian Achim and others},
  title = {Single Photon Extraction for FACT’s SiPMs allows for Novel IACT Event Representation},
  booktitle = {Proceedings of the 35th ICRC},
  year = {2017},
  number = {801}
}

@MANUAL{significance,
    title = {On the hunt for photons: analysis of Crab Nebula data obtained by the first G-APD Cherenkov telescope},
    url = {https://eldorado.tu-dortmund.de/handle/2003/35745},
    date = {2016},
    author = {Temme, Thomas Fabian}
}

@MANUAL{q_learning,
    title = {Using Deep Q-Learning to Control Optimization Hyperparameters},
    url = {https://arxiv.org/pdf/1602.04062.pdf},
    date = {2016},
    author = {Hansen, Samantha}
}

@MANUAL{roc_auc,
    title = {An introduction to ROC analysis},
    url = {http://people.inf.elte.hu/kiss/12dwhdm/roc.pdf},
    date = {2005},
    author = {Fawcett, Tom}
}

@ELECTRONIC{hexagonal,
    title   = {Hexagonal grids},
    subtitle = {Transforming a hexagonal grid to a quadratic one},
    url = {http://www.redblobgames.com/grids/hexagons/},
    date = {2015}
}
